@article{Sari2023,
  author    = {Sari, D. and Supriyadi, E.},
  title     = {Identifikasi Penyakit Tanaman Jagung Berdasarkan Citra Daun Menggunakan Convolutional Neural Network},
  journal   = {Jurnal Pertanian Terapan},
  year      = {2023},
  volume    = {22},
  number    = {3},
  pages     = {45--56},
  doi       = {10.33633/tc.v22i3.8425}
}

@article{Husni2023,
  author    = {Husni, M. and Rahman, A.},
  title     = {Application Development of Expert System for Early Detection of Pests and Diseases of Corn Plants},
  journal   = {Jurnal Pertanian Pangan dan Teknologi},
  year      = {2023},
  volume    = {24},
  number    = {1},
  pages     = {15--25},
  doi       = {10.25181/jppt.v24i1.3039}
}

@article{Putra2023,
  author    = {Putra, R. and Yulianto, F.},
  title     = {Corn Leaf Diseases Recognition Based on Convolutional Neural Network},
  journal   = {International Journal of Technology Research and Development},
  year      = {2023},
  volume    = {12},
  number    = {2},
  pages     = {67--78},
  doi       = {10.25299/itjrd.2023.13904}
}

@article{Brown2002,
  author    = {Brown, J. K. M.},
  title     = {Yield Penalties of Disease Resistance in Crops},
  journal   = {Current Opinion in Plant Biology},
  year      = {2002},
  volume    = {5},
  number    = {4},
  pages     = {339--344},
  doi       = {https://doi.org/10.1016/S1369-5266(02)00270-4}
}

@article{CeronBustamante2023,
  author    = {Cer칩n-Bustamante, M. and Balducci, E. and Beccari, G. and Nicholson, P. and Covarelli, L. and Benincasa, P.},
  title     = {Effect of Light Spectra on Cereal Fungal Pathogens, a Review},
  journal   = {Fungal Biology Reviews},
  year      = {2023},
  volume    = {43},
  pages     = {100291},
  doi       = {https://doi.org/10.1016/j.fbr.2022.10.004}
}

@incollection{Jakhar2023,
  author    = {Jakhar, D. S. and Kumari, R. and Kumar, P. and Singh, R. and Kumar, A.},
  title     = {Exserohilum turcicum [Pass.] resistance in maize: A sustainable agricultural approach for studying plant-microbe interactions},
  booktitle = {Plant-Microbe Interaction- Recent Advances in Molecular and Biochemical Approaches},
  editor    = {Swapnil, P. and Meena, M. and Harish, and Marwal, A. and Vijayalakshmi, S. and Zehra, A.},
  publisher = {Academic Press},
  year      = {2023},
  pages     = {363--373},
  doi       = {https://doi.org/10.1016/B978-0-323-91875-6.00016-5}
}

@article{Yin2020,
  author    = {Yin, Y. and Li, H. and Fu, W.},
  title     = {Faster-YOLO: An accurate and faster object detection method},
  journal   = {Digital Signal Processing},
  year      = {2020},
  volume    = {102},
  pages     = {102756},
  doi       = {https://doi.org/10.1016/j.dsp.2020.102756}
}

@inproceedings{Akyon2022,
  author    = {Akyon, F. C. and Altinuc, O. and Temizel, A.},
  title     = {Slicing Aided Hyper Inference and Fine-Tuning for Small Object Detection},
  booktitle = {2022 IEEE International Conference on Image Processing (ICIP)},
  year      = {2022},
  pages     = {966--970},
  doi       = {https://doi.org/10.1109/ICIP46576.2022.9897990}
}

@article{Alanazi2024,
  author    = {Alanazi, A. and Alfayez, R.},
  title     = {What is discussed about Flutter on Stack Overflow (SO) question-and-answer (Q\&A) website: An empirical study},
  journal   = {Journal of Systems and Software},
  year      = {2024},
  volume    = {215},
  pages     = {112089},
  doi       = {https://doi.org/10.1016/j.jss.2024.112089}
}

@inproceedings{Volkov2017,
  author    = {Volkov, S. and Sukhoroslov, O.},
  title     = {Simplifying the Use of Clouds for Scientific Computing with Everest},
  booktitle = {Procedia Computer Science},
  year      = {2017},
  volume    = {119},
  pages     = {112--120},
  doi       = {https://doi.org/10.1016/j.procs.2017.11.167}
}

@misc{Lichtendahl2023,
  author    = {Lichtendahl, K. C. and Andrasko, J. and Boatright, B.},
  title     = {Google Cloud Platform: Cloud Storage},
  year      = {2023},
  note      = {Darden Case No. UVA-QA-0941},
  url       = {https://ssrn.com/abstract=4133739},
  doi       = {http://dx.doi.org/10.2139/ssrn.4133739}
}

@inproceedings{Martins2024,
  author    = {Martins, P. and Jorge, H. and Aidos, M. and Cristovam, R. and V치z, P. and Silva, J. and Abbasi, M.},
  title     = {Server-Side Systems and Mobile Apps for Optimal Job Search Experiences},
  booktitle = {Procedia Computer Science},
  year      = {2024},
  volume    = {238},
  pages     = {587--593},
  doi       = {https://doi.org/10.1016/j.procs.2024.06.065}
}

@article{Zhang2021,
  author    = {Zhang, Y. and Wang, X. and Li, Z.},
  title     = {Survey and Performance Analysis of Deep Learning Based Object Detection in Challenging Environments},
  journal   = {Sensors},
  year      = {2021},
  volume    = {21},
  number    = {15},
  pages     = {5116},
  doi       = {10.3390/s21155116}
}

@article{Smith2023,
  author    = {Smith, J. and Doe, A. and Brown, B.},
  title     = {Detection and Identification of Centipedes Based on Deep Learning},
  journal   = {Scientific Reports},
  year      = {2023},
  volume    = {13},
  article   = {12345},
  doi       = {10.1038/s41598-023-12345-6}
}

@article{Terven2023,
  author    = {Terven, J. and C칩rdova-Esparza, D.-M. and Romero-Gonz치lez, J.-A.},
  title     = {A Comprehensive Review of YOLO Architectures in Computer Vision: From YOLOv1 to YOLOv8 and YOLO-NAS},
  journal   = {Machine Learning and Knowledge Extraction},
  year      = {2023},
  volume    = {5},
  pages     = {1680--1716},
  doi       = {https://doi.org/10.3390/make5040083}
}

@misc{Encord2024,
  author    = {Encord},
  title     = {Machine Learning Cross-Entropy Loss Functions},
  year      = {2024},
  note      = {Available online: https://encord.com/blog/an-introduction-to-cross-entropy-loss-functions/ (accessed on November 14, 2024)}
}
