@misc{kaggle_weather_dataset,
  title = {Weather Type Classification Dataset},
  author = {Nikhil7280},
  year = {2023},
  url = {https://www.kaggle.com/datasets/nikhil7280/weather-type-classification},
  note = {Diakses pada 14 November 2024}
}

@misc{tomorrow_api,
  title = {Tomorrow.io Weather API},
  author = {{Tomorrow.io}},
  year = {2024},
  url = {https://www.tomorrow.io/},
  note = {API untuk prediksi cuaca real-time}
}
