@article{joseph2020machine,
  author    = {Joseph, John and Brown, Mary},
  title     = {Machine Learning for Job Matching: A Review of Current Approaches},
  journal   = {International Journal of Artificial Intelligence},
  year      = {2020},
  volume    = {25},
  number    = {4},
  pages     = {78--95},
  doi       = {10.1016/j.ijai.2020.03.005},
  publisher = {Elsevier}
}

@inproceedings{smith2021recruitment,
  author    = {Smith, Emily and Williams, Robert},
  title     = {Enhancing Recruitment with Data-Driven Models: The Role of AI},
  booktitle = {Proceedings of the International Conference on Data Science},
  year      = {2021},
  pages     = {22--30},
  address   = {New York, USA},
  publisher = {IEEE},
  doi       = {10.1109/ICDS.2021.00012}
}

@book{brown2019machine,
  author    = {Brown, Charles and Green, Sarah},
  title     = {Machine Learning for HR Analytics},
  publisher = {Springer},
  year      = {2019},
  address   = {Berlin, Germany},
  edition   = {1st}
}

@article{zhang2022bias,
  author    = {Zhang, Wei and Li, Xiaohui},
  title     = {Mitigating Bias in AI-Powered Recruitment Tools},
  journal   = {Journal of Human Resources Technology},
  year      = {2022},
  volume    = {12},
  number    = {3},
  pages     = {45--58},
  doi       = {10.1109/JHRT.2022.015823},
  publisher = {Wiley Online Library}
}

@misc{kaggle2023dataset,
  author    = {Kaggle},
  title     = {Job Candidate Matching Dataset},
  year      = {2023},
  note      = {Available at: https://www.kaggle.com/datasets/username/dataset-name},
  url       = {https://www.kaggle.com/datasets/username/dataset-name}
}
